2925 5117
1052 1514 1299 1709 Α.
1520 1512 1902 1783 s.

416 1865 839 2254 Ut
888 1881 1165 1969 datam
1225 1880 1474 1968 fidem
1509 1879 1878 2000 liberem]
1902 1948 1930 1991 ,
1996 1911 2102 1972 en
2182 1885 2520 1971 tertiam

863 2024 1209 2111 Notitiae
1264 2030 1572 2113 Rerum
1635 2029 2300 2145 Hungaricarum
2339 2054 2518 2135 par·

864 2186 1081 2254 tem:
1147 2192 1331 2277 quoe
1374 2193 1490 2254 ne
1535 2169 1826 2253 ceteris
1865 2172 2086 2259 mole
2147 2164 2350 2255 effet
2387 2168 2514 2255 in-

416 2305 735 2401 ferior3
802 2310 1297 2396 uberrimam
1336 2309 1543 2395 mihi
1598 2312 2026 2417 praebuere
2073 2306 2500 2401 materiam
2581 2400 2588 2409 ,

412 2445 883 2555 Apostolici
929 2476 1029 2536 ex
1100 2447 1472 2567 Augusta
1529 2454 1820 2539 Domo
1877 2451 2306 2539 Austriaca
2351 2452 2502 2537 Re·

422 2615 576 2705 ges
602 2651 629 2689 ,
698 2614 1059 2699 quorum
1104 2616 1235 2675 res
1289 2589 1640 2705 gloriose
1714 2588 1977 2707 gestas
2002 2656 2030 2697 ,
2107 2620 2204 2678 ac
2249 2590 2502 2683 etiam

425 2730 773 2815 fortiter
824 2734 1207 2826 toleratas
1278 2750 1512 2839 parte
1569 2732 1730 2815 hac
1779 2738 2252 2846 complexus
2297 2736 2506 2823 sum.

428 2871 859 2987 Quamdiu
910 2875 995 2961 in
1046 2873 1415 2961 obscuris
1447 2872 1824 2963 dubiisve
1841 2879 2085 2965 rebus
2128 2874 2508 2967 Emditiss

424 3015 603 3101 fimi
654 3013 831 3101 Viri
886 3017 1235 3132 Georgii
1284 3014 1500 3130 Prdy
1551 3019 1908 3104 Annales
1953 3046 1986 3115 3
2053 3044 2154 3105 ex
2211 3014 2510 3107 veteri-

422 3158 583 3241 bus
640 3174 923 3244 autem
974 3132 1413 3243 Nicolaum
1468 3154 1972 3247 ntvainffiurn
2005 3222 2035 3263 ‚
2071 3163 2510 3279 Wolfgan-

426 3325 629 3416 gum
683 3299 791 3385 de
854 3302 1201 3386 Bethlen
1238 3361 1268 3403 ,
1292 3316 1778 3411 ceterosque
1857 3306 2230 3411 probatae
2313 3299 2508 3387 fidei

421 3442 891 3550 Scriptores
950 3443 1372 3528 consulere
1428 3440 1662 3527 licuit
1710 3501 1740 3546 ,
1823 3441 2210 3552 proniora
2275 3442 2512 3533 fuere

420 3582 776 3677 omniu
850 3602 935 3669 at
1008 3580 1445 3695 postquam
1502 3585 1608 3667 ad
1660 3580 2018 3673 civilimn
2092 3565 2508 3671 incendio-

425 3750 615 3815 rum
656 3742 1040 3831 tempora
1074 3742 1420 3811 ventum
1453 3725 1616 3809 fuit
1645 3787 1676 3828 ‚
1705 3728 1950 3833 paulo
1978 3728 2164 3836 plus
2207 3725 2502 3814 laboris

422 3865 713 3953 maus
758 3864 937 3949 sum
970 3922 999 3968 ,
1070 3881 1167 3947 ut
1200 3892 1249 3951 e
1308 3862 1964 3950 dissentientibus
2014 3868 2512 3979 scriptomm

416 4006 982 4098 monumentis
1047 4031 1341 4093 verum
1398 4002 1780 4113 elicerem
1823 4068 1852 4113 ‚
1939 4007 2506 4121 Notitiamque

428 4148 739 4237 Rerum
810 4151 1472 4269 Hungaricarum
1568 4148 1866 4238 eodem
1921 4212 1948 4254 ,
2019 4177 2194 4265 quo
2262 4150 2450 4261 cepi
2473 4210 2504 4261 ,

426 4293 763 4398 habitu,
786 4289 871 4375 id
926 4288 1092 4379 est:
1161 4318 1355 4381 eum
1398 4294 1752 4381 veritate
1795 4294 1878 4381 &
1903 4289 2506 4405 modestiaper-

422 4450 817 4525 texel‘em.
2149 4526 2156 4533 .

554 4614 561 4621 ·
1459 4567 1514 4680 S
1593 4599 1656 4663 2
2221 4572 2366 4661 Fa·
