2925 5117
658 193 688 208 ,Ι

536 349 554 356 t.

538 367 541 376 t
586 367 587 378 r

360 820 724 915 'bedu
897 830 979 938 m

135 1002 235 1115 sephi
259 1003 401 1090 Cesaris
421 1006 630 1089 Germanus
655 1066 670 1108 ‚
696 999 882 1091 condienda
910 1011 1026 1092 Barci-
1043 950 1242 1137 effi

138 1146 240 1233 r'rone
263 1152 320 1229 die
345 1148 447 1228 XVI.
469 1148 687 1251 Septembris
714 1152 790 1227 An.
815 1147 1029 1231 uocem.

137 1293 225 1372 nari
246 1288 416 1395 Angiica,
442 1286 682 1387 Hispaniam,
710 1285 815 1386 cuius
843 1289 1027 1367 baeredira·

137 1432 233 1509 rium
256 1428 315 1527 jus
332 1428 502 1505 undecim
529 1421 620 1523 ipsos
642 1444 758 1501 annos
785 1441 914 1504 contra
948 1425 1026 1507 Phi·

136 1566 279 1669 dippum
302 1561 596 1671 Andegavensem
614 1560 793 1641 Ludovici
810 1562 914 1639 XIV.
934 1561 1025 1642 Gai·

133 1708 189 1787 liae
214 1707 325 1809 Regis
345 1722 523 1803 nepotem
554 1701 676 1777 minus
705 1702 872 1805 prospero
892 1702 1025 1783 succes·

132 1842 174 1923 so
209 1842 415 1944 pedecutus
448 1836 600 1928 furrata
646 1860 827 1920 eternum
859 1820 1024 1941 deseruit.

87 1992 96 2005 “
131 1976 240 2061 fauo
257 2000 321 2081 per
337 1976 534 2077 Genuam,
562 1977 847 2079 Mediolanum,
872 1980 912 2060 dt
950 1982 1025 2087 ry-

131 2119 237 2201 rolim
272 2122 402 2197 itinere
434 2114 709 2197 Francofurtum
752 2116 927 2221 delatus,
966 2124 1025 2205 die

130 2262 276 2345 xxiv,
301 2259 511 2339 Decembris
548 2257 707 2335 Romani
738 2258 880 2360 Imperii
914 2284 1021 2340 coro·

127 2406 219 2483 'rrarn
240 2398 397 2496 suscepit.
464 2393 552 2471 inde
590 2396 774 2475 Viennam
804 2419 903 2474 anno
932 2398 1022 2478 inse·

91 2546 94 2551 '
120 2544 273 2647 'quente
293 2534 390 2615 vrb.
404 2532 583 2613 Februarii
601 2532 798 2631 reversus,
826 2557 872 2615 eo
904 2536 1022 2617 statim
1179 2600 1181 2605 .

120 2678 332 2786 'principem
371 2652 500 2752 curam
521 2673 664 2773 vertit,
704 2694 749 2753 ut
780 2674 938 2779 fatigatae
980 2700 1024 2757 ae

129 2818 368 2923 superioribus
384 2813 555 2894 bellorum
575 2815 736 2891 motibus
748 2812 913 2916 quarrata
920 2814 1027 2896 Hun-

121 2960 236 3067 'gariae
257 2958 355 3035 suam
384 2956 550 3033 redderet
584 2950 805 3034 felicitatem.
861 2952 1022 3033 Genera·

131 3096 177 3178 ria
192 3096 310 3203 igitur,
323 3093 484 3173 Comitia
504 3094 548 3169 ad
562 3092 656 3171 diem
677 3090 734 3170 ΙΙΙ.
751 3091 912 3193 Aprilis,
941 3114 1025 3195 quoe

130 3228 171 3315 in
190 3222 419 3315 Don'rinicarn
436 3235 474 3311 in
489 3232 590 3311 Albis
607 3233 802 3330 inciderat,
827 3228 1024 3311 Posonium

130 3375 328 3453 convocari
355 3371 498 3471 jubet,
536 3394 614 3447 non
651 3370 935 3475 inaugurationis
971 3370 1023 3448 io·

132 3510 212 3589 lum
234 3537 247 3598 ·,
271 3508 565 3605 vernantium,
592 3508 903 3609 quemadmodum
934 3528 1023 3609 pace

126 3644 403 3733 Szatmarine‘nfi
428 3662 580 3724 cautum
610 3640 680 3725 fuit
704 3702 719 3746 ‚
746 3644 1021 3727 domesticorum

131 3779 353 3865 dissidiorum
371 3806 435 3887 per
455 3806 681 3889 opportunas
707 3787 805 3895 leges
844 3784 1022 3868 tollendo·

132 3948 215 4004 rum
239 3924 352 4003 eausa
402 3926 619 4028 Priusquam
649 3928 841 4006 coronatio
877 3910 1021 4034 perage·

127 4083 246 4165 retur,
276 4064 435 4147 Ordines
453 4070 575 4173 Regni
597 4066 790 4173 Hungariae
822 4074 939 4191 capita
964 4069 1014 4150 V.

127 4206 347 4291 hereditario
378 4208 469 4313 Regi
499 4209 563 4289 suo
605 4232 819 4314 porrexere,
856 4213 901 4291 ad
935 4230 1019 4311 quae
1051 4294 1054 4301 ,

119 4340 188 4423 iiie
204 4344 422 4427 observande
441 4347 539 4429 suam
534 4350 910 4461 oidiringeretbdem.
934 4352 963 4428 1
966 4348 1020 4435 ue

178 4526 183 4533 ·
789 4556 798 4575 .
886 4488 999 4571 Ele·
1107 4500 1112 4505 '
