2925 5117
231 576 242 587 a
427 596 434 609 ο
524 590 528 601 Ι

870 614 883 627 U

269 660 275 669 ι

469 840 828 993 noun..
944 856 1023 948 'aar

189 1012 359 1091 Anseimo
384 1013 644 1093 sieischmanno
686 1014 753 1092 suo
789 1018 886 1115 apud
925 962 1283 1125 portamffi

185 1152 466 1230 Ottomanicam
485 1155 619 1231 oratori
644 1156 874 1243 de'mandat3
903 1176 945 1233 ut
979 1160 1076 1236 Ach·
1196 1200 1198 1204 ·

184 1316 324 1382 merem
366 1292 568 1371 Turcarum
613 1293 872 1391 imperatorem
910 1294 1074 1377 Carlovi-

184 1431 294 1510 censrs
314 1430 456 1511 foederis
476 1435 706 1520 admonerem
733 1433 757 1507 fi
790 1458 864 1535 qua
885 1436 923 1512 in
954 1461 991 1514 re
1015 1435 1072 1513 iile
1171 1412 1173 1417 ⁵

185 1569 379 1647 aVenetir
403 1567 499 1646 larius
524 1566 644 1666 esset,
682 1566 854 1649 Caesarem
885 1596 953 1674 pro
993 1574 1077 1673 jure

184 1704 224 1782 δι
240 1730 347 1806 aequo
365 1708 616 1783 arbitraturum
637 1692 849 1808 sponderet,
877 1712 977 1787 secus
998 1709 1077 1799 foe·,

182 1846 277 1921 deris
303 1866 391 1921 cum
418 1845 571 1922 Venetis
601 1844 680 1920 initi
717 1841 920 1923 societatem
956 1870 1073 1925 armo·

181 1994 271 2059 tum'
286 1984 396 2061 etiam
425 1984 722 2061 communionem
751 1982 906 2090 flagitate
931 1987 1073 2064 denun-

183 2120 304 2198 tiaret.
355 2120 509 2198 Audita
530 2118 674 2201 Casaris
700 2123 892 2203 voluntate
913 2179 928 2222 ,
963 2122 1074 2205 Vezi·

183 2266 258 2342 rius
278 2266 390 2363 probe
412 2284 545 2367 gnarus
567 2314 582 2356 ,
607 2282 736 2360 parum
750 2262 788 2337 in
811 2262 977 2343 Venetos
991 2285 1073 2364 prof

184 2398 758 2499 se&um“1rr;fiaCaesare,qui
777 2413 999 2511 recuperata
992 2424 1076 2489 nu·

184 2562 300 2642 perno
319 2538 409 2617 beiio
447 2537 662 2640 Hungaria,
703 2531 823 2611 multo
874 2529 1072 2633 potentiffi-

183 2700 268 2756 mus
297 2674 486 2772 evaserat,
527 2691 830 2789 protegerentur,
859 2669 1074 2753 ibrahimum

182 2820 304 2919 Agant
322 2815 504 2903 Viennam
524 2815 568 2889 ad
589 2813 792 2916 Eugenium
823 2813 987 2920 ablegat,
1010 2817 1075 2916 qui

182 2940 302 3033 causas
320 2953 458 3032 Veneti
476 2948 554 3029 belli
576 2928 730 3050 efferet,
762 2976 874 3053 atque
905 2952 978 3031 uita
1017 2951 1074 3030 fit·

182 3115 281 3172 ruam
297 3091 439 3203 'semper
459 3115 545 3169 cum
563 3090 698 3168 Caesare
718 3111 843 3191 pacem
866 3089 945 3167 sore
976 3088 1075 3190 polii·

183 3258 342 3318 teretur.
400 3239 454 3311 At
494 3226 653 3305 Caroiut
680 3222 863 3323 foederans
904 3229 1073 3330 opitulari
1148 3220 1152 3227 ’

162 3394 306 3453 -tertus
333 3370 513 3449 lurahirun
536 3370 627 3447 edici
653 3367 780 3465 jubet.-
807 3369 841 3447 se
869 3374 1000 3447 vadem
1032 3392 1074 3446 ac
1224 3406 1226 3422 =

187 3512 386 3617 sponsorem
414 3534 501 3595 tum
534 3504 661 3612 Anglii
683 3563 694 3595 ,
720 3506 980 3615 Holiandisque
1006 3504 1076 3589 esse

185 3652 282 3753 pacis
304 3646 583 3743 Carlovitensrr,
610 3648 642 3726 se
659 3649 811 3750 proinde
846 3649 980 3751 arbitro
997 3644 1076 3743 litet

183 3808 473 3891 oontponetent,
500 3791 537 3865 id
565 3789 627 3889 nist
653 3787 832 3888 placeret,
861 3791 984 3887 copias
1016 3783 1076 3867 fibi

183 3952 263 4007 non
283 3925 489 4037 defuturas,
517 3929 621 4023 queis
638 3926 747 4001 sotios
769 3946 839 4027 pro
872 3926 960 4004 virili
990 3946 1076 4007 ruer

182 4089 310 4149 return
349 4064 545 4141 lbrahimus
563 4086 715 4167 accepto
738 4091 786 4146 eo
807 4068 996 4171 responso,
1013 4094 1075 4171 ne·

184 4230 276 4314 gans
312 4200 371 4279 fibi
401 4202 472 4280 liris
500 4224 586 4283 cum
618 4204 771 4287 Venetis
809 4178 1075 4333 componendo

188 4319 403 4517 potestatem
420 4349 579 4435 darant.
597 4349 686 4427 dun
708 4352 865 4431 reditum
893 4346 1074 4451 procrasti-

931 4508 1024 4583 nat,
