2925 5117
356 862 361 869 ⁵
493 758 786 842 Nova.
955 766 1034 862 169

189 934 281 1033 cipis
298 926 459 1011 rasione
479 932 617 1031 lunello
640 934 694 1013 illa
727 953 785 1010 tot
809 934 993 1015 lllullriurn
1021 940 1085 1069 Yi-
1099 878 1294 1043 π

186 1094 320 1149 rorum
345 1076 458 1151 cadet
481 1072 724 1150 Comitiorum
754 1076 909 1151 Decreto
932 1085 1010 1172 jure
1040 1100 1083 1154 ac
1098 1096 1209 1163 rHUS.

182 1236 206 1291 e
234 1207 447 1311 Republica
484 1207 577 1287 falla
601 1210 702 1290 luilie
732 1215 973 1311 pronunciata
1002 1216 1050 1295 eii
1063 1274 1076 1315 ,

183 1352 289 1455 qnod
312 1348 562 1455 sigismundus
593 1350 712 1428 habita
747 1352 926 1428 concione
953 1354 1081 1431 aora-

185 1510 287 1587 πω,
313 1484 395 1565 illos
407 1486 467 1591 libi
480 1510 639 1567 mortem
658 1491 880 1570 machinatos
898 1493 1078 1596 ejusdem·

142 1658 145 1715 3
179 1638 260 1731 que
286 1626 446 1737 criminis
480 1626 585 1707 uelles
620 1626 741 1712 literas
773 1636 870 1737 apud
892 1634 925 1713 [e
944 1634 1077 1714 exstare

142 1778 145 1805 ³
174 1762 394 1865 ‚neminen

142 2046 145 2055 '
246 2046 332 2127 =Vl.
357 2044 566 2151 compressa
584 2049 681 2129 hunc
701 2052 739 2127 in
760 2050 912 2140 modurn
935 2050 1072 2128 seditio·
1095 1982 1291 2162 ᾗ

188 2206 262 2285 ne,
287 2208 385 2264 cum·
411 2210 522 2271 nemo
546 2190 620 2288 jam
653 2189 776 2289 ellet,
805 2192 871 2292 qui
904 2191 1077 2289 Principis
1097 2198 1151 2260 etia
1191 2196 1288 2263 fndus

185 2320 369 2403 voluntati
396 2327 617 2405 intercedere
654 2335 844 2426 auderet,
873 2332 1077 2429 Stephanus
1096 2316 1228 2380 initum?

188 2462 383 2565 fflokajua
402 2488 490 2543 cum
511 2464 696 2569 Alphonso
729 2465 874 2544 Carillio
902 2466 1079 2566 Principis

188 2596 410 2681 Conkffano
428 2606 578 2682 natione
586 2602 937 2709 Hispano,Gregorio
948 2603 1076 2708 Cslaky

186 2744 234 2819 rle
248 2740 550 2848 remeabo
569 2748 712 2848 Joanne
736 2745 907 2849 Syvegh,
934 2750 978 2822 ad
1001 2745 1080 2823 Ru·

187 2878 364 2981 rlnlplrum
388 2882 528 2960 Orator
546 2882 666 2961 millus
684 2882 757 2963 fuit
777 2890 849 2960 An.
861 2884 1077 2962 MDXClV.

187 3034 431 3123 optatumque
466 3016 586 3100 foedus
638 3025 871 3124 sequentibus
912 3021 1078 3101 stabilivit
1150 3092 1152 3096 .

188 3158 472 3239 conditionibus:
499 3162 660 3239 Romani
678 3163 820 3261 imperii
841 3159 1015 3261 Principis
1028 3163 1074 3239 ti·

188 3298 287 3381 tubas
300 3297 353 3377 ·&
390 3304 488 3380 aurei
517 3300 656 3381 velleris
682 3303 801 3381 honor
839 3305 997 3381 daretur.
1022 3302 1077 3381 si·

190 3440 416 3545 gismundo:
451 3438 735 3518 Tranfilraniaut
768 3464 855 3518 curn
884 3439 1079 3542 Hungatiae

188 3602 291 3685 parte
307 3574 529 3685 poffideret:
556 3580 595 3655 in
628 3576 838 3657 valachiam
866 3576 906 3653 &
934 3572 1075 3655 Molda·

187 3725 287 3803 v'nru
302 3722 364 3824 jus
384 3722 589 3815 obtineret,
612 3718 807 3817 liceretque
835 3715 882 3791 illi
913 3716 1076 3819 geminas

186 3856 245 3943 ess
278 3862 483 3943 Provincias
523 3854 774 3935 Transnvaniae
814 3853 1076 3957 conjungere:

182 4000 260 4083 lm
284 4002 408 4081 omnia
429 4004 473 4080 ad
497 3999 676 4107 legitimos
695 3995 774 4094 ejus
809 3994 981 4074 masculos
1007 3998 1076 4077 hae·

186 4144 293 4219 redes
310 4138 509 4233 tranitem,
528 4140 593 4240 qui
621 4140 770 4243 quidem
787 4158 916 4218 omnes
935 4138 1076 4241 Regem
1175 4136 1184 4147 “

178 4282 449 4389 -Rudolplrum,
468 4278 621 4384 ejusque
643 4285 682 4361 in
709 4282 843 4387 Regno
864 4276 1074 4380 Hungarico
