2925 5117
98 609 102 616 .
480 609 483 615 .

809 646 814 655 ι

407 803 448 883 N
499 822 542 927 ⁰.
581 824 610 882 v
667 817 717 883 Α..
898 827 973 914 353

133 983 266 1069 oelsum
287 985 437 1071 interius
464 983 663 1073 animum,
688 979 910 1084 dignamque
936 984 1028 1062 lum·
1044 912 1241 1075 π

133 1131 263 1209 moin
295 1124 400 1201 terris
427 1120 625 1198 Monarcb·
641 1121 818 1196 virtutem
848 1120 886 1196 dr
915 1122 1125 1222 Melie-Dus
1145 1129 1194 1192 ru.

132 1263 261 1344 liccem
282 1265 469 1340 indicabat.
523 1257 618 1335 illius
638 1258 722 1335 vitae
759 1262 942 1357 probitas,
969 1264 1030 1338 lu·
1194 1333 1196 1337 ,

134 1400 281 1481 censum
308 1397 444 1476 bucerae
471 1396 667 1501 Religionis
701 1396 894 1498 studium,
923 1401 1030 1499 iusti«
1185 1469 1189 1477 ,

134 1543 195 1619 ciae
220 1541 345 1643 rigor,
372 1514 633 1636 temperantia,
672 1534 710 1612 ἃ
742 1540 913 1636 pudicitia
957 1565 1025 1618 uo·
1108 1523 1111 1529 ⁵

135 1684 227 1761 cion
252 1679 356 1767 subtr
382 1698 496 1778 quam
518 1696 564 1751 ut
587 1700 611 1752 a
634 1698 696 1751 me
720 1671 881 1774 pluribus
906 1678 1029 1758 descri-

135 1826 285 1903 buntur.
317 1850 321 1855 ·
350 1820 532 1895 Animum
575 1814 779 1909 Cluilliania
832 1822 1026 1907 virtutibus
1114 1886 1122 1893 .

136 1958 279 2062 egregie
299 1951 512 2035 instrustum
538 1960 680 2033 ornavit
698 1961 902 2039 divinarum
924 1980 1028 2060 aeque
1074 1978 1077 1983 '
1203 1934 1206 1943 .

137 2124 180 2175 ac
194 2100 433 2175 humanarum
457 2091 684 2171 scientiarum
704 2100 879 2201 cognitio.
927 2084 1039 2191 Lon·¹

137 2230 263 2343 gillimi
303 2234 484 2339 regiminis
519 2254 685 2333 tempore
720 2259 914 2351 nunquam
952 2237 1027 2317 lere

139 2400 229 2480 pace
242 2374 315 2453 lrui
335 2374 477 2472 potuit3
505 2398 590 2450 nam
614 2372 653 2449 &
672 2376 858 2451 continuis
879 2399 944 2474 per
964 2398 1027 2450 an·
1089 2420 1094 2429 -

138 2514 207 2594 ubs
228 2511 397 2589 XXVlll.
432 2506 593 2587 civilibus
625 2511 724 2586 domi
754 2509 850 2588 bellis
879 2512 1031 2589 aemulo·

138 2639 379 2733 rum·invidia
399 2643 566 2723 suscitaris
603 2644 759 2745 jastarus
787 2648 882 2736 fuitr
900 2647 947 2724 ,δι
968 2647 1023 2725 lb·

138 2793 186 2867 ris
208 2812 295 2864 cum
315 2786 496 2864 foederatis
534 2783 740 2864 'Germania
769 2786 1025 2886 Principibus,

138 2953 225 3008 tum
249 2927 381 3018 sociis,
408 2920 518 2999 Gallis
537 2893 556 3020 ,¹
593 2923 631 3000 ἀ
665 2923 794 3002 Tuccis
820 2925 1026 3003 difficillima

140 3060 243 3171 gelllt
276 3061 374 3141 bella.
440 3061 480 3136 ln
511 3064 575 3140 his·
602 3082 732 3141 tamen·
757 3063 919 3170 fingulari
957 3068 1027 3142 Dei
1172 3120 1177 3137 .

140 3203 367 3306 providentia
385 3203 438 3278 ica
457 3200 616 3278 versatus
638 3202 687 3279 est
711 3258 724 3299 ,
754 3226 796 3281 ut
816 3208 861 3282 de
882 3203 1027 3308 fingulis

140 3361 235 3441 pene
263 3337 419 3415 hostibus
468 3338 615 3441 gloriose
655 3342 925 3442 triumpharem
966 3340 1027 3418 nili

94 3472 99 3479 ’
141 3450 243 3581 quod
266 3482 305 3555 in
325 3481 409 3553 vitae
437 3480 540 3552 exitu
572 3480 747 3587 adeor-es
785 3479 920 3577 ubique
948 3499 1025 3556 tur·

139 3613 417 3708 baracinnim,
447 3634 490 3688 ut
521 3617 694 3691 deteriore
724 3610 807 3690 loco
843 3614 919 3692 elle
950 3640 1029 3696 non

142 3749 307 3854 pollent:
333 3751 369 3825 id
391 3756 492 3851 quod
513 3754 558 3830 ad
593 3755 812 3852 probandam
831 3749 1027 3855 gloriosrffi·

140 3892 194 3972 mi
218 3910 303 3965 ante
332 3887 475 3966 Caesaris
510 3892 680 3967 virtutem
692 3944 715 3987 3
752 3900 1029 3994 augendamque

141 4033 179 4107 in
208 4027 308 4105 coelis
324 4025 476 4131 gloriam
499 4030 545 4105 ab
559 4022 755 4129 aquillimo
775 4032 1030 4131 Numinc'per·

140 4164 283 4248 milium
321 4164 404 4242 luit.
468 4166 646 4243 Ceterum
688 4167 927 4246 immortalem
977 4169 1030 4279 lui

144 4310 353 4399 memoriam
372 4306 517 4409 reliquit
535 4305 742 4421 Leopoldus
765 4364 779 4409 ‚
808 4310 857 4385 ob
889 4306 1029 4385 Turcas

182 4478 425 4551 umauuonr.
439 4470 516 4543 nt'
660 4446 695 4551 Ζ,
897 4448 977 4551 post
