2925 5117
442 776 473 853 ¹8
626 748 1053 841 Hu'raona'in
1141 716 1153 739 ’

399 943 580 1046 agebant,
614 964 658 1016 ur
684 938 880 1039 Hungaros
909 927 1061 1011 inter&
1089 929 1291 1036 Augustam

400 1081 564 1155 Domum
595 1072 726 1152 diffidia
783 1075 962 1148 continuo
1002 1069 1166 1150 alereutr
1205 1074 1289 1151 hinc

391 1221 547 1317 =quoties
580 1214 713 1292 beilum
745 1233 832 1287 curn
872 1208 1061 1285 Austriacis
1093 1215 1293 1312 gerendum

399 1379 497 1450 erar,
527 1375 591 1452 per
614 1353 728 1426 literas
749 1349 977 1462 nuntiosque
1009 1366 1156 1447 gentem
1187 1348 1292 1425 Hun-

400 1515 523 1592 garam
546 1489 656 1585 specie
675 1485 876 1562 libertatum
899 1462 1223 1582 recuperandarum
1245 1491 1291 1563 ad

399 1649 499 1701 arma
524 1626 560 1697 in
587 1624 768 1721 Principes
793 1620 875 1697 suos
913 1626 1091 1720 excitare,
1121 1625 1292 1716 Consilio,

397 1784 546 1860 aereque
565 1760 738 1858 adjuvare
758 1761 796 1834 in
821 1782 922 1835 more
940 1761 1118 1849 habuerer
1145 1765 1180 1838 id
1191 1771 1293 1863 quod

403 1899 606 1976 Tbkoliano
641 1900 812 2000 imprimis
857 1896 1159 1998 Rakotzianoque
1195 1898 1288 1978 bello

400 2047 540 2140 patuit:
568 2060 654 2113 curn
672 2058 758 2139 vero
783 2055 854 2132 pax
865 2033 1010 2111 subinde
1028 2038 1186 2114 ineunda
1204 2036 1290 2139 suit,

401 2180 494 2254 banc
514 2173 609 2252 nuila
631 2146 1024 2277 habimHungarorum
1045 2177 1182 2254 ratione
1209 2177 1286 2255 sao·

402 2315 575 2408 ciebant,
604 2331 647 2387 ut
662 2328 846 2413 appareret
862 2310 985 2387 Gallos
996 2337 1072 2388 non
1091 2335 1166 2387 tam
1180 2314 1286 2392 Hun-

403 2454 494 2558 garis
515 2451 670 2539 favendi,
683 2471 793 2549 quarn
816 2445 1005 2525 Austriacis
1032 2453 1185 2528 nocendi
1214 2452 1291 2528 stus

401 2594 463 2666 dio
482 2594 515 2666 id
536 2611 651 2690 genus
686 2606 777 2664 artes
802 2585 1016 2683 arripuisse:
1044 2593 1079 2666 id
1096 2598 1195 2693 quod
1218 2595 1291 2672 iero

404 2723 601 2805 admodum
621 2728 667 2800 ab
698 2724 882 2824 Hungaris
909 2747 1042 2827 magno
1069 2728 1131 2805 suo
1152 2736 1292 2811 incom-

401 2867 515 2941 modo
536 2862 821 2941 animadversum
844 2859 943 2935 fuir·
979 2864 1148 2967 Denique
1170 2876 1213 2948 ad
1232 2896 1292 2973 pa.

402 3025 483 3076 cem
509 3002 607 3076 dorni
627 2999 839 3075 turbandam
860 3021 937 3074 non
964 3022 1090 3099 parum
1110 3016 1287 3090 momenti

323 3153 331 3163 ·
404 3135 556 3214 attulere
577 3135 848 3210 Transfilvaniae
871 3136 1064 3237 Principes.
1127 3143 1230 3222 Leni
1258 3138 1292 3227 hi

403 3271 505 3353 fuere
531 3275 637 3352 libera
680 3276 800 3376 gentis
836 3277 1085 3383 suffragatione
1113 3281 1291 3388 Hungar'o

401 3413 496 3515 Regi
512 3436 615 3513 eque
636 3432 664 3510 ‚·
682 3435 726 3486 ac
752 3411 910 3491 Turcico
936 3418 1145 3517 imperatori
1174 3423 1290 3498 obno-

403 3554 481 3646 xii,
510 3552 619 3648 idque
637 3574 680 3626 ea
699 3555 745 3626 de
767 3554 890 3650 causa,
920 3578 964 3630 ut
999 3556 1223 3634 Provinciam
1249 3561 1289 3637 in

403 3711 494 3789 pace
524 3689 808 3781 conservarent,
850 3689 993 3768 Turcici
1028 3718 1104 3770 non
1140 3698 1261 3773 minus
1273 3754 1287 3796 ,

405 3850 516 3925 quam
550 3826 748 3930 Hungarici
774 3826 852 3905 belli
879 3852 1098 3930 expertem:
1126 3838 1292 3935 periacile

405 3963 442 4037 id
474 3962 583 4039 etiam
612 3959 728 4041 fuisset
743 4015 757 4057 ,
801 3970 903 4061 quod
935 3970 1130 4074 Hungariae
1169 3975 1287 4079 Reges

405 4103 555 4175 minime
579 4123 658 4175 eam
692 4092 876 4174 iacessituri
904 4125 1034 4204 erant,
1071 4109 1201 4188 Turcae
1226 4136 1288 4191 eu⁶

406 4255 484 4318 rem
504 4239 648 4316 modico
668 4214 834 4349 redigali
853 4244 1012 4342 deliniti,
1042 4249 1086 4325 ab
1108 4251 1210 4324 omni
1235 4250 1293 4327 ab'·

1140 4385 1245 4466 stine·
