2925 5117
485 576 490 589 ⁴
1095 568 1100 577 .

493 758 549 865 8¹}
684 748 1110 835 Hu'uon'e'te
1269 745 1275 755 ’

235 928 427 1042 ffi
442 960 529 1017 cum
558 920 780 1037 ulioua'mdiu
829 928 1065 1009 obsidionem.
1089 916 1300 1013 tolerassent
1310 918 1342 1035 'g

231 1074 360 1161 elerii).
396 1096 429 1158 1.·
443 1086 587 1159 annone
601 1052 703 1159 omni
736 1070 924 1166 dellituti,
951 1076 997 1145 de
1031 1068 1191 1149 faciende
1220 1073 1336 1153 hone·

443 1220 502 1297 llis
522 1216 796 1295 conditionibus
831 1211 1014 1286 deditione
1060 1198 1344 1291 noliensium

443 1356 609 1461 pellant:
633 1350 816 1429 (hstaldus
838 1350 1036 1446 Ducesque
1057 1350 1175 1425 caeteri
1204 1362 1345 1455 negem·

442 1492 527 1575 om
552 1492 684 1571 ‘succis
708 1490 946 1584 libantem,
983 1506 1183 1587 omnesque
1207 1489 1247 1565 in
1273 1494 1340 1563 cei

285 1686 290 1701 .
445 1634 653 1735 privitatem
673 1627 891 1730 redigendos
915 1618 1094 1739 censuere.
1146 1628 1200 1701 At
1217 1620 1338 1701 Geor·

442 1772 599 1875 gius-de
632 1758 841 1871 gmvissimis
871 1762 1070 1841 Solimanni
1099 1762 1283 1840 adversum
1301 1762 1340 1841 se
1369 1868 1376 1879 ι

443 1910 535 1987 odiis
562 1924 710 2004 certus,
738 1928 814 2005 quo
847 1902 1025 1999 offensum
1057 1905 1241 1990 hominem
1271 1899 1339 1979 aii·

427 2066 519 2146 ¹qua
539 2046 578 2120 in
593 2042 733 2121 Turcas
750 2014 951 2120 clementie
979 2040 1234 2146 significatione
1256 2039 1343 2144 plo·

442 2202 562 2269 emetr
590 2181 818 2283 benignius,
857 2202 969 2281 quum
998 2177 1182 2257 Cellrldm
1198 2184 1218 2277 '‚
1248 2182 1338 2297 cuni

444 2314 549 2395 viriis
573 2320 756 2421 agendum
788 2318 963 2419 putavit,
1001 2316 1220 2418 insuperque
1240 2319 1337 2399 babi-

445 2459 492 2535 eis
505 2450 740 2557 reliquorum-
757 2460 905 2534 Ducum
922 2458 1105 2536 sententiis
1121 2514 1133 2555 ,
1164 2454 1335 2556 prolicie-

442 2600 516 2675 rius
544 2601 582 2674 in
603 2597 710 2674 fidem
728 2596 906 2677 benevole
934 2618 1099 2698 receptos
1121 2595 1230 2675 libere
1250 2618 1335 2675 arce

442 2734 585 2841 egredi,
613 2741 842 2836 domumque
874 2738 1004 2813 additis
1034 2737 1200 2814 cullodiae
1232 2734 1336 2810 causa

443 2898 469 2951 e
486 2872 634 2949 suorum
660 2873 817 2950 numero
834 2874 973 2978 aliquot
995 2877 1204 2952 cohortibus
1239 2878 1335 2953 abire

444 3011 608 3111 permisit.
663 3014 714 3090 Ea
750 3012 896 3119 Georgii
929 3019 966 3091 in
995 3016 1130 3093 Turcas
1170 3015 1332 3093 benevo-

442 3149 552 3229 lentia
575 3146 786 3253 gracillimis
811 3153 1016 3231 Callaldum
1047 3154 1243 3254 complevit
1276 3155 1334 3230 su·

443 3289 691 3391 spicionibus‚
741 3296 918 3395 praecipue
953 3296 1054 3395 quod
1104 3314 1334 3393 compererat

443 3452 529 3507 eum
558 3429 749 3532 aliquoties
791 3432 884 3512 clam
928 3458 1015 3510 cum
1056 3434 1231 3530 llhmene
1265 3432 1337 3512 loci

443 3568 613 3669 melesio
630 3570 850 3650 familiariter
872 3572 974 3651 luisse
989 3574 1232 3652 collocutum.
1269 3574 1337 3649 Su·

442 3706 614 3809 spiciones
634 3710 687 3786 hae
711 3733 789 3785 non
823 3716 1047 3791 mediocriter
1078 3710 1191 3791 aueae
1227 3715 1334 3809 sunt,

443 3846 634 3949 postquam
659 3846 841 3953 Georgius
874 3855 1003 3928 acriter
1033 3853 1225 3949 obstabat,
1254 3876 1335 3952 quo

443 3986 566 4060 minus
585 3986 768 4063 Castrldus
791 3989 939 4066 militem
959 4014 1128 4069 exterum
1150 3995 1187 4068 in
1221 3992 1338 4068 Tran-

444 4123 587 4203 lilvania
616 4150 679 4227 per
705 4131 867 4231 hyberna
899 4128 1130 4213 distribueret.
1191 4114 1245 4206 Ex
1284 4096 1338 4205 liis

444 4261 595 4367 aliisque
611 4290 711 4347 cereo
729 4268 788 4347 libi
808 4270 994 4351 castulus
1025 4269 1234 4374 persuaserat
1254 4325 1267 4366 ,
1296 4268 1333 4346 id

511 4420 514 4425 -
550 4410 594 4453 υ,
875 4440 878 4447 ,
