2925 5117
1081 480 1090 489 ι
1151 187 1171 485 Ι
1321 187 1387 497 Ι

1130 608 1142 619 ἱ

505 768 561 853 Μ
692 760 1181 859 Huuoanrn¹

238 880 439 945 Ξ
1027 945 1036 963 ·
1310 916 1315 927 ,

270 984 402 1045 mm,
455 960 518 1041 pta
538 937 611 1017 line
648 962 750 1015 rnora
786 958 938 1037 penna,
976 962 1175 1031 nmmum,
1213 936 1340 1017 oculoe

242 1094 377 1163 Mul).
411 1098 437 1163 1.
453 1100 659 1177 manusque
692 1080 739 1151 ad
780 1078 1000 1153 scribendum
1036 1078 1217 1165 intendite
1253 1102 1341 1157 curn
1384 1150 1387 1159 .

366 1196 371 1204 ,
451 1244 537 1299 ecce
555 1218 700 1295 Marcus
713 1218 900 1291 Antonius
918 1208 1187 1315 odu&a‚quam
1207 1216 1345 1295 subve-

452 1357 504 1435 lle
530 1352 711 1435 oucultanr
720 1358 881 1458 gerebat,
903 1352 968 1430 lica
998 1354 1179 1455 geminam
1211 1352 1261 1431 nil
1289 1378 1344 1433 ta·

452 1494 488 1575 le
510 1496 677 1597 opinanti
712 1494 852 1597 plagam
882 1488 1029 1593 infligitr
1053 1486 1203 1567 alteram
1224 1490 1262 1565 in
1288 1490 1344 1591 ju·

447 1637 575 1749 gulor
609 1638 647 1711 in
676 1632 818 1743 sunumo
852 1629 998 1732 pellunt
1036 1628 1218 1706 alteramr
1254 1652 1343 1707 mox

452 1776 605 1873 strepitu
623 1772 735 1851 exciti
773 1770 901 1849 adsunt
930 1770 1012 1847 socii
1036 1766 1234 1869 multisque
1261 1766 1344 1845 vul·

454 1914 604 1989 neribus
625 1913 727 1989 numi
747 1907 960 2011 prostratum
983 1912 1165 1989 mucidam
1186 1935 1197 1985 r
1222 1933 1345 2011 noque

354 2132 362 2141 ⁸
455 2046 609 2153 Georgii
643 2052 789 2150 Ephebo
816 2071 931 2151 puero
966 2052 1157 2153 parcitum.
1218 2048 1345 2129 enter

456 2188 533 2263 haec
550 2185 691 2286 peraeta
711 2187 783 2265 suit
810 2190 868 2266 die
900 2186 1016 2263 xvlt
1033 2189 1238 2267 Decenlbrit
1266 2192 1342 2271 Au.

290 2342 293 2347 ·
447 2325 593 2409 ,Motu
622 2326 724 2403 occis
748 2326 896 2431 Georgii
913 2326 1092 2405 neantes
1114 2330 1252 2431 prorsus
1272 2330 1345 2409 Re·

456 2466 536 2568 gius
555 2518 568 2559 ,
597 2468 672 2543 auri
698 2471 881 2570 argentive
908 2466 977 2541 cusi
1003 2464 1041 2541 δι
1063 2466 1172 2543 ineufi
1192 2468 1268 2544 vim
1288 2468 1345 2548 in·

453 2604 654 2682 credibilem
673 2605 859 2681 Callnldus
880 2606 950 2681 sine
981 2628 1084 2680 mora
1112 2608 1341 2707 occupavit,

451 2762 567 2840 atque
591 2744 720 2841 partim
749 2745 785 2815 in
802 2742 882 2817 suos
907 2741 1002 2838 usus,
1022 2746 1151 2843 partim
1180 2745 1219 2819 in
1249 2744 1341 2823 mili·

455 2900 538 2959 turn
561 2883 732 2982 stipendia
757 2880 891 2979 divisit,
919 2903 1049 2981 praeter
1077 2885 1126 2979 id,
1147 2890 1247 2983 quod
1275 2888 1344 2986 pri·

455 2994 568 3097 uatirn
599 3023 755 3120 quisque
787 3024 995 3122 diripuerat.
1059 3025 1145 3102 lllud
1180 3023 1345 3126 apleris·

457 3180 532 3256 que
561 3161 651 3233 vitio
687 3161 815 3235 datum
851 3160 1017 3239 Castaldo
1057 3171 1158 3267 quorl
1193 3166 1345 3268 Georgii

456 3297 664 3394 interempti
705 3321 837 3397 corpus
869 3302 933 3379 suo
976 3306 1144 3381 innatans
1183 3304 1347 3408 sanguini

456 3438 587 3509 codem
604 3437 642 3508 in
664 3437 828 3513 conclavi
850 3439 1049 3542 reliquerit,
1061 3468 1181 3543 neque
1210 3440 1344 3521 tumuli

457 3573 596 3647 honore
619 3574 788 3675 dignatus
815 3577 868 3654 st.
921 3584 1161 3685 Quapropter
1201 3584 1344 3686 septua·

456 3715 557 3814 ginta
585 3711 679 3810 ipsos
709 3716 787 3827 'dies
816 3718 1048 3821 insepultum,
1076 3723 1242 3824 sanieque
1275 3723 1348 3822 iarn

457 3875 611 3928 manens
644 3859 798 3931 cadaver
837 3855 1004 3937 Albenses
1040 3866 1189 3937 demum
1222 3859 1346 3938 Cano·

459 3992 528 4063 nici
558 3993 596 4063 in
620 3996 695 4066 ade
724 3997 772 4068 D.
795 3997 977 4073 Michaelis
1009 4003 1213 4078 condidere.
1277 3996 1343 4076 At·

460 4148 534 4223 que
569 4130 626 4202 hic
653 4130 724 4203 luit
751 4130 898 4236 Georgii
931 4138 1098 4212 Monachi
1125 4139 1245 4214 exitus
1271 4160 1348 4215 ua·

460 4266 541 4352 rie,
568 4271 789 4371 utquisque
818 4274 858 4351 in
885 4299 971 4353 eum
1001 4280 1126 4354 animo
1161 4298 1347 4379 compara·

1238 4436 1300 4493 tus
