2925 5117
560 702 1089 877 Q.

348 970 583 1059 Fatendum
605 975 717 1059 enim
741 972 824 1081 est,
860 976 930 1085 qui
958 974 1045 1075 eius
1068 970 1200 1057 aetatis
1223 976 1289 1061 ree
1343 1042 1349 1051 .

249 1114 475 1223 scripserea
503 1132 557 1202 ut
575 1118 758 1226 partibus
784 1116 931 1202 addicti
961 1130 1121 1216 erant,
1157 1106 1291 1205 multa

244 1256 300 1341 de
316 1258 391 1341 suo
409 1259 561 1343 chartis
599 1255 793 1346 intriviss'e
821 1324 834 1364 ,
872 1286 959 1341 non
986 1284 1115 1366 pauca
1138 1275 1284 1362 aperte

248 1400 372 1494 falsa5
407 1400 528 1484 dubia
557 1425 659 1484 vero
690 1399 863 1508 plurima
889 1402 940 1487 de
972 1404 1047 1483 suo
1087 1396 1285 1497 adjeciffe.

249 1543 315 1629 Sic
339 1544 523 1629 nonnulli
545 1568 600 1626 eo
615 1542 887 1651 improbitatis
910 1543 1085 1652 abierer
1109 1557 1167 1623 'ut
1182 1539 1296 1648 opti--

246 1710 363 1769 mam
385 1682 720 1793 Apostolicorum
755 1689 916 1803 Regum
941 1682 1182 1766 nostrorum
1215 1708 1286 1769 vo

249 1826 478 1929 luntanem,
516 1828 554 1911 &
577 1822 819 1911 san&issima
834 1850 1009 1938 quaeque
1031 1824 1082 1908 ad
1103 1824 1290 1909 cominu·¹

246 1992 346 2053 nem
367 1970 606 2055 felicitatem
626 1969 931 2076 procurandam
958 1968 1131 2052 consilia.
1138 1967 1285 2078 iniquis

246 2107 656 2219 interpretationibus
682 2114 760 2198 suis
792 2115 832 2198 in
868 2114 1102 2222 sequiorem
1122 2110 1284 2217 semper

248 2247 499 2366 detorstrint
540 2272 737 2361 partem:
771 2258 881 2364 quali
909 2253 952 2336 id
979 2254 1052 2337 tibi
1070 2254 1200 2337 solnm
1221 2250 1288 2336 de⁴

246 2387 398 2478 diffrnt
420 2396 601 2512 negotii„
639 2412 687 2477 ut
707 2394 886 2482 summos
908 2415 1027 2480 terrae
1044 2390 1253 2500 Principes
1271 2456 1288 2497 ‚

248 2560 353 2645 quos
369 2536 536 2621 Numen
569 2537 701 2645 ipsum
725 2535 938 2647 potestatis
971 2540 1052 2621 snae
1073 2532 1285 2621 constitnit

248 2676 462 2781 vicarios,
498 2677 707 2762 atrocibus
731 2679 940 2763 calumniis
965 2678 1073 2786 apud
1100 2678 1286 2766 subditos

247 2820 292 2905 in
307 2819 452 2905 odium
468 2818 733 2907 adducerent.
805 2821 882 2905 Alii
917 2847 965 2906 ex
1004 2821 1174 2903 adverso
1205 2848 1287 2909 mes

250 2958 365 3047 <Tium
395 2979 538 3047 tenere
576 2963 706 3080 ignari
739 3028 750 3065 ,
788 2983 934 3047 contra
966 2987 1090 3073 quam
1119 2963 1288 3072 scripto

248 3130 340 3190 rem
363 3102 541 3209 deceat,
579 3108 790 3191 acerbiore
808 3110 964 3191 calamo
979 3110 1205 3221 Hungaros
1235 3111 1288 3190 ul·

246 3262 312 3331 tra
335 3247 505 3331 modum
536 3248 718 3332 insectati
756 3252 884 3351 sunt,
923 3272 1058 3359 neque
1087 3248 1157 3331 libi
1199 3249 1288 3335 reii-

249 3388 367 3505 gioni
400 3389 578 3492 duxere,
615 3393 687 3495 iia,
724 3416 815 3501 qua:
842 3392 958 3477 laude
987 3391 1110 3509 digna
1135 3411 1284 3496 erant,

247 3526 426 3616 studion
454 3530 756 3640 pretermissis,
791 3533 856 3617 illa
891 3532 1172 3632 solummodo,
1189 3558 1281 3643 quo

248 3672 300 3757 ad
321 3674 529 3761 infamiam
553 3677 687 3761 facere
709 3693 931 3783 poterant,
954 3678 1091 3764 multis
1116 3696 1285 3793 exagge-

244 3840 372 3920 rare,
415 3843 644 3925 paucorum
677 3836 812 3903 errata
833 3820 913 3903 toti
947 3818 1060 3936 genti
1093 3815 1281 3923 allinere3

246 3955 480 4043 inconditos
511 3957 661 4044 infimae
696 3964 827 4068 plebis
862 3988 996 4049 mores
1019 3956 1284 4047 Nobinffimis

241 4095 563 4213 Ciariiiimisque
601 4104 698 4187 viris
730 4104 919 4211 affuere,
957 4105 1060 4189 adeo
1103 4105 1278 4213 denique

237 4242 479 4329 tminrrsam
509 4244 723 4331 nationem
749 4247 844 4332 atris
872 4248 1097 4365 depingere
1139 4249 1281 4333 colori

250 4384 358 4484 busa
402 4402 452 4473 ut
491 4414 579 4475 non
614 4405 701 4476 tam
726 4417 866 4479 rerum
904 4388 1111 4509 gestarum
1149 4386 1286 4477 Histo-

1087 4558 1216 4627 nanu
