2925 5117
424 790 723 865 Noun.
896 812 968 896 151

133 962 250 1045 scelos
270 962 403 1061 literis,
432 964 609 1059 monuit,
648 960 753 1043 libere
776 986 820 1042 ut
854 945 891 1044 in
920 967 1020 1043 Chri·
1038 914 1232 1086 pff

131 1106 331 1185 sliunorum
358 1101 488 1178 limites
511 1100 766 1204 grassarentur,
793 1100 908 1205 atque
935 1106 958 1181 si
988 1109 1024 1182 hi
1039 1127 1157 1201 ellus.

128 1246 209 1321 vim
231 1247 271 1319 vi
290 1240 457 1342 repellere
479 1260 690 1335 tentarent,
720 1244 899 1317 continuo
928 1268 1020 1343 que·

125 1379 424 1459 relttllizantium
443 1380 669 1478 expedirent,
679 1378 841 1455 indutias
854 1382 898 1456 ab
917 1383 1024 1459 Hun-

130 1521 224 1623 gatis
245 1520 394 1615 impune
412 1513 545 1590 violari.
600 1509 712 1591 Ceffit
728 1538 784 1591 res
805 1542 850 1595 ex
881 1520 1020 1599 senten·

131 1661 203 1737 tier
229 1654 399 1733 Hasienes
421 1655 559 1729 Bosniae
592 1648 782 1731 Praefeilus
803 1655 927 1756 suapte
946 1659 1020 1757 jun

134 1801 182 1878 td
202 1794 386 1873 inserenda
425 1790 629 1867 Christianis
658 1792 788 1867 damna
810 1795 1021 1893 propensus,·

132 1960 176 2015 tc
195 1932 338 2037 insuper
365 1931 498 2006 Vezirii
531 1926 747 2007 auiloritate
778 1931 918 2028 fretus,
945 1938 1021 2036 jam
1072 1988 1077 2002 .

132 2076 219 2153 inde
237 2074 281 2147 ab
301 2072 373 2151 An.
387 2066 549 2143 Muxc,
572 2071 791 2167 quotidianis
811 2074 1018 2152 incursroni·

130 2216 200 2291 ltus
221 2210 394 2312 illyricum
410 2229 520 2282 omne
536 2204 720 2285 lacessebat
735 2262 749 2306 ‚
778 2212 884 2310 cuius
898 2238 1021 2292 exem.

135 2350 240 2455 plum
263 2369 351 2424 mox
365 2340 422 2423 alii
440 2343 571 2439 secuti,
599 2340 649 2421 nil
670 2369 794 2422 tutum
813 2352 849 2423 in
872 2350 1018 2454 ilunga-

134 2484 459 2587 titrelinquebunt
514 2482 677 2585 Hungari
706 2476 933 2583 quotidianas
960 2514 1020 2566 eus

132 2624 280 2725 injurias
312 2590 477 2699 minime'
496 2618 661 2696 ferendas
700 2626 802 2720 rati,
845 2624 937 2723 julla
973 2630 1019 2705 ad

132 2762 231 2839 suurn
260 2783 454 2861 rerumque
474 2759 619 2845 suerunt
646 2760 885 2840 defensionem
919 2788 1020 2843 arma

131 2904 333 3002 corripuere
355 2924 401 2978 eo
420 2897 574 2977 successu
592 2927 607 2995 ς
637 2922 679 2976 ut
698 2902 825 2977 Turcae
842 2926 918 2977 non
940 2928 1018 2980 uno

134 3036 219 3117 loto
243 3034 367 3143 iufigni
389 3035 490 3117 clade
514 3036 632 3115 affesti
649 3038 792 3114 suerint.
846 3036 926 3115 Nec
940 3066 1020 3116 rno-

133 3202 197 3279 τι,
225 3198 271 3255 ut
289 3177 549 3269 constitutum,
575 3175 731 3279 querele
744 3180 944 3255 Bizantiurn
959 3182 1020 3257 de·

133 3316 324 3406 ferunturr
348 3320 584 3416 quibuscum
606 3318 826 3393 Amurathes
850 3316 1019 3396 tSinane

131 3452 301 3533 indullus
324 3453 430 3532 fidem
448 3458 615 3552 haberet,
644 3454 738 3532 clam
755 3459 792 3533 in
816 3446 949 3533 senatu'
965 3458 1019 3530 in·

132 3570 284 3687 teritus,
305 3618 423 3695 quern
451 3596 645 3673 Divinum
675 3592 859 3695 apellant,
887 3594 1020 3672 bellurn

133 3738 172 3813 in
193 3736 386 3842 ilungaros
405 3712 607 3810 decernitur
630 3735 769 3810 Sinunis
790 3737 936 3812 arbitrio
954 3760 1016 3837 ge·

136 3874 305 3951 rendunt.
357 3874 523 3949 Ferocem
547 3870 678 3947 Vezirii
696 3872 859 3949 anitnunr
876 3896 951 3950 nou
969 3871 1019 3950 le·

135 4015 230 4093 riter
247 4014 432 4093 irritarunt
458 4010 609 4091 latiores
630 4010 911 4088 Christianorum
941 4010 1019 4088 suc·

132 4150 268 4229 cessus:
294 4148 398 4225 ficut
418 4148 482 4227 alit
503 4150 640 4228 filentio
674 4172 883 4253 praeterearn
912 4153 1042 4229 Anu·

127 4288 335 4371 uncxffl.
361 4290 458 4364 ldem
478 4288 533 4366 ille
555 4292 725 4367 Hailanes
758 4293 892 4367 Bosniae
925 4288 1019 4367 Prae·

546 4428 585 4507 K
610 4448 639 4527 4
846 4420 964 4505 feuus
993 4468 997 4477 ·
