2925 5117
594 564 603 575 1

373 718 756 805 'Nosala'
920 726 978 831 7'9'

141 892 270 983 eodem
290 898 423 1003 prope·
440 920 605 1000 tempore
631 897 817 977 Castalius
846 842 933 979 cum
951 926 953 931 ·
968 928 1027 985 ex·
1042 844 1241 1013 ᾗ

139 1042 254 1117 ercitu
287 1044 327 1119 in
363 1032 647 1117 scansionum
686 1040 828 1139 irrupit
905 1038 1026 1122 Tanto
1043 1066 1178 1137 nm.
1209 1070 1235 1133 ι.

129 1182 298 1258 tluorum
319 1182 544 1257 exercituum
572 1196 750 1278 apparatu
786 1179 945 1278 pernulla·
966 1184 1027 1262 ssa·

132 1316 264 1413 bella,
304 1317 376 1395 fine
415 1314 655 1395 cuutlatione
677 1336 795 1392 totam
837 1320 1027 1399 iterumse

129 1454 289 1559 Georgii
310 1458 453 1535 arbitrio
488 1453 657 1557 permitit.
708 1456 758 1531 Ea
785 1462 1026 1557 renunciata,

135 1594 325 1675 Callaldus
361 1618 449 1673 cum
480 1590 707 1685 Nbdasuio,
748 1594 949 1694 Eutherio,
986 1596 1025 1675 δι

136 1730 408 1812 Herberlleinio
424 1722 468 1811 ari
484 1732 704 1809 salutandam
721 1735 933 1811 Ferdinandi
954 1760 1025 1813 no·

132 1869 234 1951 mine
251 1868 426 1949 isabellam
452 1870 743 1949 Saissebesnum
761 1874 888 1950 abiete.
942 1868 1025 1948 Poll
1167 1850 1172 1862 ¹

133 2007 547 2115 pemlla-sslutationum
576 2006 694 2089 officia
716 2036 806 2089 mox
835 2013 934 2112 pacis
967 2014 1022 2088 in·

129 2146 394 2253 tunm'uapitb
419 2146 569 2254 Regino
594 2148 769 2250 explicatu
800 2152 884 2229 sunt
896 2176 910 2241 i
950 2150 1025 2227 haec

132 2290 401 2371 autenrruerer
426 2278 564 2367 lsalrell't
584 2276 878 2393 buiumugemis
915 2291 1027 2365 llum·

132 2434 259 2537 gerloc
281 2430 455 2507 matema
479 2428 706 2529 Legatorum
723 2433 894 2503 manibus
935 2450 1023 2503 con·

136 2572 315 2677 figuret:
343 2590 440 2645 arces
460 2586 591 2667 omnes
616 2562 826 2643 Perdinandi
854 2562 1026 2642 militibus

131 2714 330 2803 'traderet,·
357 2728 400 2782 ac
426 2730 449 2783 e
479 2703 720 2781 Transluania
747 2710 960 2810 demigraret
987 2706 1026 2783 in

138 2844 399 2950 Oppolienstm
421 2848 642 2939 nucarum,
670 2872 782 2948 quem
809 2853 851 2925 ad
877 2846 1023 2925 sarcien-

135 2976 509 3087 ‹laniopulentilsrmae¹
537 2985 710 3088 Regionis
722 3038 726 3045 ,
739 2980 917 3085 jalluram
938 3007 1025 3062 tuot

139 3128 241 3205 omni
287 3124 507 3225 patrimonio
561 3120 789 3225 Z'apolyiano
835 3124 1025 3202 ferdinan-

138 3268 206 3345 dus
235 3268 353 3343 vidua
394 3264 589 3343 offerebat.
659 3265 794 3342 Adhaec
848 3262 1028 3368 obligabat

139 3402 199 3485 ille
221 3402 301 3503 se,
346 3406 390 3481 ad
427 3406 651 3482 numeranda
685 3406 835 3509 Regina
877 3426 1025 3485 centum

139 3568 334 3625 turturum
359 3542 496 3639 millia,
523 3542 563 3621 bt
588 3544 742 3621 dandam
767 3541 936 3647 pupillo,
964 3546 1029 3622 ubi

141 3681 339 3767 ttloleterit
360 3678 549 3779 sponsam,
583 3680 690 3759 filiam
715 3682 814 3759 suam
836 3658 1026 3782 Joanmrn.

140 3826 236 3935 Qutt
265 3821 390 3899 omnia
413 3840 499 3895 cum
519 3816 658 3893 lsabella
688 3816 767 3919 post
808 3819 916 3894 tridui
948 3816 1030 3897 deli·

143 3961 365 4041 bentiomm
399 3950 476 4036 rata
514 3955 688 4036 habuisset
705 3954 1030 4065 ,Claudiopolim

87 4100 90 4107 '
142 4114 218 4205 quo
257 4098 416 4179 Comitia
450 4088 581 4179 indicia
622 4073 758 4203 sirete,¹
787 4099 881 4181 itum
935 4097 1030 4179 eli-e

901 4240 978 4333 n):
