2925 5117
134 810 136 845 =
425 754 787 831 ‹rs-ovi.

202 930 269 1011 sub
284 932 416 1009 eodem
438 924 573 1027 Capite
597 930 634 1006 in
658 953 773 1005 unum
804 929 1006 1012 coalescere.
1040 938 1091 1014 Si·
1106 860 1297 1031 π

198 1070 421 1175 gismundos
441 1068 614 1165 opinione
641 1068 748 1146 suase
768 1069 925 1147 delusum
948 1077 1087 1172 videns,
1106 1076 1219 1143 PHUS·

194 1212 484 1308 notionemque
515 1209 682 1304 veritus,
727 1208 860 1283 Albam
895 1210 1024 1309 Juliam
1054 1211 1088 1291 se

192 1350 334 1448 recepit
354 1400 367 1443 ,
396 1340 494 1445 jullis
509 1349 553 1421 ad
573 1368 716 1422 cerrum
748 1350 843 1422 diem
863 1347 979 1423 rursus
995 1348 1052 1424 To

191 1488 276 1563 clam
289 1486 493 1563 convenire
513 1483 729 1579 Ordinibus,
758 1489 861 1562 dere
883 1492 979 1573 canti
1010 1512 1089 1564 nno·

137 1692 140 1699 .
190 1624 309 1703 menti
341 1625 484 1699 uberius
525 1622 783 1701 deliberamus.
846 1624 1008 1703 Adsuere
1040 1627 1088 1707 illi

193 1766 364 1865 quiderm
391 1784 429 1842 at
450 1786 594 1841 tantum
613 1762 737 1851 abest3
766 1788 807 1838 ut
840 1769 882 1840 ad
906 1764 1027 1843 loedus
1041 1748 1086 1845 il·

192 1898 256 1979 lud
299 1902 529 2001 probandum
574 1901 768 1999 adjicerent
806 1904 1000 1992 animum
1042 1922 1086 1979 ut

190 2040 300 2115 num
316 2062 395 2115 non
417 2038 579 2135 delient,
607 2043 673 2139 qui
693 2041 924 2142 Sigismundo
944 2064 985 2114 ea
1001 2063 1084 2141 pro-

192 2196 274 2277 pter
296 2166 527 2253 ¹ercrrutorato
570 2174 678 2253 alium
720 2173 967 2254 sufficiendum
996 2202 1085 2253 con·

194 2314 418 2391 tenderent}
459 2312 711 2416 Sigismuudus
736 2317 868 2393 interea
895 2308 1083 2390 leoiffimis

196 2444 438 2552 lidillimisque
462 2448 655 2529 instruens
685 2455 812 2551 copiis,
832 2478 873 2529 ac
899 2459 941 2530 ad
970 2455 1080 2547 vim,

196 2588 287 2669 fiee
312 2586 383 2667 libi·
405 2590 626 2688 afferretur,
667 2591 908 2691 repellendam
937 2610 1081 2689 compa·

194 2752 333 2827 ntus,
369 2726 634 2832 Claudiopolim
677 2731 835 2807 Comitia
887 2728 1080 2808 transtulit.

193 2868 265 2949 lllic
281 2866 496 2949 dillimulnro
507 2925 520 2966 ,
551 2873 652 2971 quod
680 2895 807 2946 contra
829 2864 992 2946 sallionis
1023 2871 1082 2955 sibl

197 3008 347 3089 adverse
377 3010 552 3113 primores
578 3029 798 3108 conceperat
829 3006 938 3099 odio,
967 3004 1082 3080 comi-

193 3120 247 3231 ὧι
264 3154 391 3231 habitis
416 3150 619 3251 proceribus
649 3168 710 3246 per
737 3135 982 3246 Volfgangum
1003 3138 1082 3215 Ko-

196 3292 426 3371 vaceocziurn
443 3286 702 3364 cancellarium
714 3286 803 3362 edici
823 3284 926 3384 jubet
939 3340 952 3377 ‚
964 3284 1079 3363 fixum

192 3410 417 3533 limumque
433 3428 492 3504 libi
507 3426 577 3504 elle
595 3424 831 3503 aTurcarum
853 3422 1012 3501 clientela
1035 3426 1081 3499 ad
1203 3426 1212 3441 ’

196 3570 435 3671 Rudolpburn
467 3568 639 3643 cauum
669 3563 837 3640 tranire:
866 3585 933 3640 nec
959 3588 1078 3660 mora,

196 3693 327 3791 ornnes
346 3728 452 3784 metu
471 3703 802 3806 quodanperculsr
821 3702 991 3801 Principis
1010 3728 1078 3779 vo·

192 3849 326 3931 luntaci
349 3844 547 3938 alieniore,
573 3847 771 3945 tragoediae,
791 3866 872 3942 quae
890 3838 1002 3915 altero
1023 3838 1080 3911 die

191 3989 533 4095 producentium,
557 3980 681 4081 ignari.
735 3984 833 4056 Cum
859 3981 955 4054 enim
972 3972 1081 4053 officii

189 4132 294 4211 enula
311 4149 447 4230 magno
465 4143 619 4201 numero
645 4124 689 4197 ad
706 4120 880 4217 Principis
906 4114 1080 4216 palatium

186 4274 250 4351 die
273 4250 417 4345 XXlX.
442 4288 550 4343 mene
574 4258 858 4358 c‘onlluxilient,
901 4259 998 4361 ligno
1018 4264 1080 4331 da·

590 4399 624 4476 L
649 4422 677 4497 4
983 4416 1025 4472 to
