2925 5117
430 726 470 802 N
524 742 552 800 o·
599 742 627 803 v
681 747 723 803 n.
777 720 792 737 ⁴
886 748 957 811 ror
1210 764 1213 771 ·

131 904 262 1009 cluibus
291 898 712 1005 ·1uventusl·lunganca
750 928 834 984 curn
865 908 1014 987 scientiis
1063 943 1194 1005 FERm-

131 1064 293 1127 teterem
308 1064 461 1144 quoque
477 1040 583 1117 fidem
599 1040 823 1123 Catholicam
847 1050 926 1127 πῖ).
938 1052 1019 1129 Ste«
1034 1052 1166 1127 undo.
1198 1060 1228 1125 r.-

130 1184 254 1291 plurno
292 1185 378 1260 olim
412 1177 654 1261 introdudhm
692 1184 896 1266 addisceret.
950 1194 1017 1269 nn

129 1296 205 1429 pue
220 1328 312 1401 ‘haec
340 1330 489 1427 urgento¹
521 1322 630 1422 Rege
642 1376 658 1417 ‚
694 1344 716 1395 a
744 1322 954 1401 Proceribus
978 1331 1017 1406 in

125 1464 288 1543 Ecclefiae
313 1460 499 1539 utilitatem
520 1454 599 1536 ada
627 1458 720 1539 sunt.
779 1463 955 1543 Ceterum
979 1469 1017 1545 id

126 1604 348 1685 ferdinando
387 1600 478 1679 uitio
514 1602 639 1677 datum
670 1601 870 1703 amultis,
913 1606 1017 1706 quod

129 1756 195 1845 p'er
210 1742 353 1835 Duces,
372 1735 633 1840 praefeuosque
656 1740 824 1819 militares
853 1750 1012 1823 Acatho·

131 1880 250 1979 ficos,
289 1902 471 1956 novorum
508 1883 721 1983 dogmatum
768 1880 945 1959 ministros
978 1886 1015 1959 in

130 2018 350 2125 Hungpriam
393 2018 555 2127 induci,
588 2016 861 2123 dostrinamque
897 2025 1015 2099 veteri

132 2157 343 2239 contrariam
363 2157 516 2255 impune
534 2155 748 2235 dilleminari
769 2158 913 2237 fiverit:
940 2185 1015 2261 qua

102 2292 108 2309 '
134 2302 233 2377 dere
255 2297 410 2375 Ordines
426 2294 621 2397 Hungtriae
649 2298 686 2371 in
713 2296 882 2373 Comitiis
912 2298 1014 2374 Poso-

136 2436 309 2515 nienstbus
326 2440 439 2511 Anno
464 2430 664 2507 MDlell.
680 2432 890 2526 celebratis,
918 2440 1013 2511 Arti-

133 2578 214 2655 culo
236 2574 393 2651 xxxu.
411 2569 600 2671 propalam
621 2570 806 2669 conquesti
826 2572 917 2650 sunt.
951 2574 1019 2652 Le·

136 2738 195 2819 pes
237 2716 274 2791 in
317 2706 538 2811 Reipublicae
585 2714 820 2787 commodum
857 2716 1017 2790 condidit

135 2850 372 2929 Ferdltdindus
394 2849 476 2925 sane
510 2848 808 2950 quammultas,
838 2868 881 2928 ut
915 2873 1017 2950 patet

139 2992 319 3071 evitonis
339 2988 587 3066 Comitiorunr
607 2990 796 3086 Decretis,
834 3012 915 3089 quae
947 2988 1018 3090 ipsa'

137 3127 373 3231 multiplicitas
393 3130 533 3232 Legum
556 3151 772 3230 argumento
804 3128 877 3223 est,
910 3132 1015 3205 innu-

139 3268 242 3343 meris
279 3260 563 3373 graviffimisque
591 3270 727 3344 morbis
774 3270 808 3344 id
841 3271 1014 3371 temporis

142 3404 357 3513 Hungariam
371 3404 553 3486 laborasse.
577 3410 726 3483 Summa
745 3405 814 3483 luit
832 3410 866 3481 in
887 3428 1015 3483 omnes

143 3550 440 3629 rdminillrationis
466 3572 584 3649 partes
603 3545 806 3650 vigilantia,
837 3546 875 3621 dt
906 3569 1013 3623 accu-

145 3693 299 3769 ntione:
327 3689 509 3764 neminem
536 3688 677 3762 muneri
707 3684 894 3782 praefecit,
925 3686 1016 3782 quin

147 3848 219 3911 eum
237 3828 461 3933 opportunis
474 3816 803 3922 lapientillimisque
816 3822 852 3895 in
867 3844 1015 3900 omnem

148 3994 310 4051 eventum
338 3958 539 4045 indrustrit
567 3962 873 4063 praeceptionibus.
925 3962 1014 4043 lllud

148 4106 195 4189 llis
218 4133 298 4186 non
332 4108 561 4202 tacendum,
610 4104 713 4205 quod
751 4125 836 4178 ante
879 4128 1013 4182 ceteras

150 4270 264 4329 omnes
297 4246 407 4323 aerarii
439 4242 603 4349 expensas
637 4239 766 4340 militi,
799 4242 837 4318 δι
865 4248 1016 4323 minima

87 4426 90 4431 '
174 4418 295 4495 lugula
304 4422 470 4477 Novom.
606 4376 644 4455 G
672 4402 695 4479 3
856 4384 965 4461 etlam
