2925 5117
477 770 534 855 ω
591 698 1082 833 ἱΗυιεωιιι·

210 860 415 1035 ᾗ
434 958 473 1012 re
510 955 712 1037 cogeretur.
753 928 1010 1009 ·.Occafioutm
1041 932 1137 1011 maio
1152 930 1324 1045 ‘prabuit

221 1083 368 1154 mint
388 1080 417 1147 la
433 1074 618 1159 Castaidus
646 1100 669 1153 a
702 1068 837 1149 erudeli
883 1092 1033 1149 notatus
1072 1074 1249 1151 avaritia:
1291 1078 1324 1153 is

434 1237 649 1316 contempta
671 1214 957 1315 Wayuuuamm
976 1208 1213 1309 auctoritate,
1242 1214 1330 1291 Pro·

434 1358 594 1434 vinciam
639 1322 819 1452 infactione
849 1350 970 1441 bellot
1006 1348 1100 1429 same
1129 1354 1248 1451 dein,
1285 1376 1329 1431 at

436 1491 533 1596 peste
552 1494 759 1567 diueuatam
782 1492 1039 1582 immoderatis,
1050 1514 1262 1591 quanquam
1285 1494 1330 1571 ud

438 1631 705 1731 stipendiarium
742 1627 892 1707 militem
909 1629 1083 1707 alendum
1115 1626 1329 1722 nettss'ariiu,

285 1772 290 1787 ’
438 1764 686 1847 enitionibus
714 1768 761 1843 ad
794 1769 921 1845 incitat
956 1769 1160 1873 redigebatt
1187 1768 1329 1845 accedo

439 1908 501 1984 bat
538 1908 623 1984 huic
665 1904 893 1983 intoleranda
921 1906 1059 2007 militi,
1097 1905 1137 1981 ἁ
1175 1906 1329 2005 impune

437 2022 624 2147 quidem,
659 2043 825 2125 tonctffa
865 2044 1009 2124 licentia
1040 2102 1054 2145 ,
1097 2048 1162 2146 qui
1178 2040 1332 2122 ’contra

438 2208 551 2284 quam
586 2185 836 2261 ferdinandus·
856 2206 978 2284 aperte
1004 2160 1170 2279 caverat,
1198 2182 1326 2285 ssipen·

439 2324 501 2399 dio
530 2323 592 2399 suo
614 2344 692 2397 non
712 2344 945 2420 contentus,
975 2322 1160 2423 propalam
1183 2323 1328 2422 rapinae

442 2487 630 2553 exercere,
658 2464 815 2565 virgines
840 2518 854 2558 ,
882 2483 1138 2559 matronasque
1167 2459 1329 2557 foedare,

441 2607 543 2680 omni
587 2607 742 2704 denique
780 2602 991 2698 injuriarum
1025 2622 1154 2698 genere
1196 2575 1331 2676 incolas

443 2741 599 2816 hostium
639 2740 745 2818 instar
775 2738 929 2841 affligere
967 2761 1044 2810 non
1072 2738 1334 2814 intermittebat

445 2883 511 2973 a).
565 2878 737 2954 niseum
767 2879 906 2952 multos
942 2876 1212 2975 provintialium
1252 2878 1332 2983 ιΙίς·

444 3036 550 3092 natos
590 3040 757 3097 cerneret
795 3016 1031 3091 Petruvicsrut
1065 3013 1154 3092 alter
1206 3013 1333 3115 pupilli

446 3152 594 3254 Tutor,
621 3181 770 3232 omnem
795 3179 860 3256 pro
888 3153 1024 3230 isabella
1055 3160 1258 3233 revocanda
1279 3158 1333 3233 Bi·

445 3297 555 3370 aantii
593 3296 763 3371 movebat
797 3294 963 3393 lapidem.
1024 3295 1188 3393 Arripuit
1231 3291 1335 3394 perli-

446 3434 577 3507 benter
599 3456 679 3509 eam
705 3454 761 3508 res
781 3430 857 3511 suaa
885 3434 1041 3536 augendi
1076 3434 1333 3531 opportunita-

446 3590 545 3643 tem.
566 3567 796 3645 Soiimannua
814 3600 840 3665 ,··
867 3572 1164 3668 Ferdinandoque
1206 3589 1332 3669 pacem

439 3730 530 3785 -tum
549 3712 646 3787 iorte
673 3712 810 3810 petenti
837 3714 1036 3789 renunciari
1063 3702 1194 3808 juffit,
1222 3734 1333 3809 eamr

1223 3850 1287 3928 niu

531 4196 564 4273 a)
584 4191 696 4259 Confer
710 4195 770 4259 iroe
791 4216 858 4261 tum
883 4199 950 4276 iit,
980 4222 1048 4283 quoe
1066 4205 1099 4266 in
1117 4202 1260 4269 Comitiit
1282 4206 1336 4266 Po·

448 4308 626 4375 {aniensium
642 4313 683 4376 de
697 4315 795 4378 milite
812 4314 969 4379 constituta
984 4315 1049 4380 sunt
1067 4321 1128 4383 An.
1144 4320 1334 4387 Mutuum

448 4424 654 4509 coarceJnn
667 4432 768 4505 uarro.
787 4432 907 4501 mom
920 4422 991 4515 ui.
1003 4435 1095 4536 xvu.
1107 4434 1224 4519 unqu.
1274 4476 1316 4497 ,,.
