2925 5117
424 726 528 813 ,βω
648 720 1071 799 Horrendus

205 843 406 911 a
475 908 482 921 ,
554 904 561 919 ,
699 908 702 915 ,
848 891 856 917 ,
910 892 929 911 ..
1031 894 1039 911 .

228 974 233 987 ,
247 941 376 1003 mm,
422 907 610 1009 gnitudme
630 897 791 977 suturam
802 891 1121 997 Revsuglottam,
1153 906 1194 971 ic
1212 897 1320 994 sputi

169 1076 172 1081 ·
215 1056 352 1123 ΝΛΜ).
382 1053 408 1121 1.
424 1042 683 1121 ferdinandum
720 1034 872 1139 gratiam
920 1032 1111 1128 metiens,
1149 1052 1211 1109 ut.
1236 1056 1318 1111 erac

423 1180 635 1282 Hungarico
656 1174 794 1271 nomini
818 1171 984 1270 insesius,
1016 1170 1226 1271 Re‘vsjum,
1252 1195 1325 1273 co·

425 1324 577 1421 piasque
606 1313 829 1415 Huugaricas
851 1312 887 1387 in
920 1308 1036 1385 castris
1063 1311 1096 1415 se
1131 1309 1324 1415 continere

425 1452 525 1559 jussit
541 1510 554 1553 ,
599 1450 670 1553 ipse
701 1474 778 1527 rem
805 1450 868 1525 suo
897 1448 1067 1550 ingenio,
1096 1446 1134 1523 dt
1157 1446 1324 1547 auspiciis

372 1624 393 1655 ⁸·
427 1614 660 1677 executurus.
713 1590 838 1687 loque
857 1583 1195 1673 Condeo-Dusiore
1224 1610 1318 1687 qua·

427 1755 546 1837 ternas
564 1729 833 1831 Germanorum
851 1726 1015 1839 cohortes
1032 1728 1077 1811 ad
1099 1724 1319 1828 designatam

427 1867 610 1971 portulam
628 1862 823 1944 'constituto
842 1887 1007 1963 ternpore
1041 1861 1131 1941 clam
1161 1866 1321 1963 premit·

429 2011 509 2104 tit,
538 2010 678 2083 aditum
698 2026 911 2085 tentaturus.
966 2002 1028 2081 ist.
1042 2004 1209 2107 aderant,
1232 2004 1320 2079 Bor.

429 2143 583 2223 nenusta
616 2143 926 2247 quemadmodum
955 2161 1184 2219 conventum
1220 2137 1323 2237 fuit,
1360 2152 1364 2159 '

429 2287 580 2389 ienuam
607 2250 769 2377 reseret,
804 2279 1083 2381 Germanosque
1126 2282 1163 2359 in
1197 2278 1320 2357 trient

430 2421 812 2523 incolume-admittit
834 2445 853 2507 3,
887 2446 923 2497 at
952 2444 1039 2497 cunr
1074 2423 1109 2501 hi
1139 2423 1318 2501 idiomatis

430 2562 628 2664 Hungatici
648 2561 758 2662 ignari
766 2616 779 2658 ,
813 2582 932 2658 neque
945 2560 1030 2659 ,ejus
1061 2561 1137 2634 diei
1158 2558 1326 2639 tesseram

431 2697 643 2792 militarem,
672 2718 794 2795 neque
818 2700 969 2774 modum
991 2702 1208 2797 occupandae
1229 2701 1321 2775 arcis

431 2839 571 2915 edoceri
595 2835 763 2939 possent,
789 2859 959 2937 caecoque
972 2841 1117 2938 impetu
1137 2860 1198 2936 per
1218 2838 1319 2940 igno,-

428 2996 484 3053 tas
501 2976 561 3053 fibi
584 2975 715 3077 plateas
733 2974 928 3054 discurrere
947 2978 1148 3081 incipiunt,
1179 2961 1319 3051 eo-ssre‘·

417 3120 510 3219 piru
532 3116 569 3191 dt
593 3114 850 3195 vociferatione
882 3119 1026 3193 excitati
1058 3119 1253 3215 praefidiarii
1273 3122 1320 3197 ad

431 3281 529 3333 arma
569 3254 802 3352 convolant,
850 3258 1133 3360 peregrinosque
1164 3258 1321 3359 hospites

426 3398 652 3472 adoriuntur.
706 3393 1034 3473 Germanimilites
1059 3399 1101 3473 iis
1140 3400 1177 3473 in
1206 3422 1319 3502 angue

432 3533 501 3609 stiis
523 3534 749 3632 reprehens,
778 3559 1034 3634 contraquam
1076 3533 1187 3611 sortes
1214 3541 1316 3616 dece·

434 3673 493 3747 bat
517 3674 644 3770 viros,
673 3670 819 3771 obsessis
847 3677 1003 3774 turpiter
1032 3677 1138 3750 armis
1162 3680 1314 3773 eadem,

434 3834 508 3909 qua
528 3836 701 3889 venerant
723 3817 818 3911 vie,
856 3816 1054 3914 precipites
1082 3838 1128 3888 cx
1156 3836 1236 3889 arce
1271 3814 1319 3891 se·

433 3950 589 4046 micapra
621 3950 712 4028 sese
744 3952 917 4051 ejiciunt,
945 3950 1122 4047 dolente,
1151 3953 1214 4051 qui
1250 3956 1320 4055 pti·

433 4108 515 4161 mos
546 4087 844 4177 interdiscrimini
865 4064 896 4165 se
918 4089 1156 4187 subduxerat,
1186 4094 1320 4166 Borne-

433 4225 565 4327 mista,
593 4226 736 4331 Rsvajo
759 4226 956 4325 tenestem
991 4234 1170 4323 momenti
1209 4236 1321 4309 unius

1124 4426 1128 4437 ·
1149 4371 1267 4459 honi·
