2925 5117
445 710 538 810 ἰιι
645 692 1113 797 Heraeam*
1228 719 1238 743 ·

177 809 366 876 a
467 878 471 883 ,
1080 866 1093 873 .

177 907 369 977 carolus
387 915 503 994 prope
525 891 724 970 Semlinum
756 891 816 969 fita
835 896 938 970 ¹vires
968 914 1098 998 omnes
1126 900 1273 974 eontra.

386 1054 488 1111 xerat
503 1034 560 1107 ·ad
574 1058 577 1063 ·
590 1010 813 1130 impedienda
839 1030 984 1131 majora·
1006 1034 1274 1131 incommoda,

359 1179 363 1188 “
387 1175 530 1255 belloin
533 1172 677 1250 feliciter
693 1170 791 1271 gello
809 1148 918 1291 linem
931 1168 1119 1272 imponere
1132 1188 1274 1271 certus,

387 1314 532 1389 habito
535 1314 653 1409 prioe'·
659 1330 755 1383 cum
761 1309 885 1383 ceteris
910 1308 1088 1387 Ducibus
1099 1306 1274 1412 consilio,

387 1448 550 1528 durante·
572 1442 836 1550 Belg'radi'r
764 1445 946 1521 obsidione
988 1426 1177 1527 Vezirium
1208 1470 1277 1553 per

388 1586 645 1662 internunciol
654 1586 707 1658 'd'e
737 1603 829 1681 paoe
857 1584 1118 1683 interpellavite'
1147 1610 1168 1661 ιι
1204 1612 1276 1689 qua

388 1744 475 1797 cum
494 1724 524 1797 is
546 1724 588 1795 ab
605 1696 772 1793 Oratore
792 1716 934 1794 Gillioo
957 1722 1165 1820 tempestive
1185 1748 1276 1801 con.

389 1863 529 1939 cilia'tus
567 1858 717 1933 minime
762 1857 918 1932 alienum
960 1850 1176 1935 declarasset'
1203 1865 1278 1937 aoi-

389 2021 519 2090 mum,
549 1994 684 2068 Comes
707 1995 939 2096 Neopergius'
960 1976 1017 2068 die
1036 1994 1175 2075 XVlll.
1196 1998 1276 2075 Ἁιι.

389 2133 568 2240 golli'ipse
588 2133 624 2206 in
651 2114 806 2204 Turcica'¹
831 2126 1014 2228 profestos
1041 2132 1092 2209 est
1124 2131 1272 2235 castra,

390 2275 596 2370 arbitroque
623 2266 873 2345 Marehionea
904 2265 1095 2350 villanova
1113 2274 1278 2353 Oratore

390 2407 530 2487 Gallico
562 2407 727 2483 Calendis
761 2404 976 2504 Septembris
1004 2429 1129 2509 pacem
1152 2415 1277 2492 conle-

389 2549 441 2625 cit
461 2536 534 2643 Α).’
583 2548 632 2620 Ea
655 2544 800 2641 quidem
823 2565 915 2640 pene
950 2548 1018 2623 luit
1049 2548 1276 2652 necessaria,

389 2689 487 2786 quod
511 2680 614 2758 militi
639 2678 799 2757 Caesareo
818 2700 877 2756 tot
898 2681 1052 2761 cladibus
1063 2690 1188 2763 attrito
1206 2694 1279 2767 ani·

388 2825 439 2896 mi
463 2821 610 2918 penitus
642 2819 874 2894 conciderant
898 2846 909 2906 3
944 2825 1063 2901 adliaec
1093 2814 1277 2927 grallanri.

389 2959 455 3030 bus
481 2958 517 3030 in
541 2956 702 3031 'exercitu
723 2958 855 3031 morbis
880 2956 997 3055 plures
1015 2959 1075 3034 sub
1094 2967 1274 3062 tentoriis,

390 3115 500 3189 quam
521 3091 677 3165 hostium
706 3090 828 3189 gladiis
860 3095 1146 3171 occumberent:
1178 3103 1278 3175 deni·

390 3250 464 3328 que
483 3225 575 3302 fama
594 3245 670 3301 erat
690 3226 762 3322 jam
790 3251 910 3305 tuma
935 3229 1115 3310 foederatis
1143 3243 1273 3316 adver·

389 3367 445 3443 sus
473 3361 683 3439 lanmonem
723 3368 975 3466 pragmaticam
1014 3356 1144 3451 bellum
1186 3377 1277 3455 clam

347 3542 351 3552 ·
390 3504 546 3604 apparari
576 3497 735 3601 cepille:
764 3501 877 3578 Caesar
909 3522 1029 3583 tamen
1057 3517 1205 3612 negavit
1244 3515 1278 3593 se

391 3642 530 3719 conscio
550 3662 676 3742 pacem
694 3637 789 3718 illam
813 3644 1076 3743 compositam,
1105 3651 1272 3752 adeoque

1138 3789 1223 3865 tulit

392 3991 1278 4053 ·-·-··.-···--——,-

472 4121 642 4205 >Quibus
674 4129 785 4190 mribus
805 4147 905 4229 'opera
928 4133 1059 4196 oratoris
1080 4132 1192 4198 Gallici
1217 4156 1280 4219 pax

389 4234 450 4300 hro
471 4228 592 4323 ιιζιιιιιιι
609 4206 671 4314 lle,
695 4216 814 4321 copiose
805 4200 973 4308 ‹lelcrilril
998 4250 1178 4330 leogium
1205 4250 1278 4313 cita·

319 4340 323 4345 ’
389 4362 421 4411 ro
445 4342 584 4430 opastulo
600 4353 629 4416 Ia
655 4355 729 4420 Palae
749 4342 1006 4448 deBelgrade.
1077 4364 1080 4375 '
1236 4364 1238 4369 ’
