2925 5117
318 774 736 895 ¹·Novai
900 840 977 925 307

1046 978 1241 1003 Ἤ

93 1062 98 1073 .
139 994 199 1077 sed
222 987 438 1093 irreparabili
462 989 525 1066 iuo
554 995 689 1069 damno
714 1049 727 1091 ,
755 1016 885 1077 aterna
906 1022 1028 1079 autem
1046 1028 1220 1099 mom,

140 1135 285 1215 Tdkblii
303 1128 500 1237 ignominia
520 1182 534 1226 ,
563 1133 627 1229 qui
655 1132 844 1234 postquam
868 1136 1029 1235 pluribus
1044 1142 1127 1211 Dus
1147 1146 1214 1229 M.¹
1361 1186 1364 1199 ·

139 1277 244 1352 aunis
266 1268 439 1347 incastris
463 1267 624 1345 Turcicis
649 1291 777 1369 parum
797 1272 946 1351 ieiiciter
964 1279 1030 1353 mi·

137 1412 266 1492 iitaffet
277 1466 291 1509 ,
321 1434 390 1488 una
410 1431 494 1487 cum
515 1404 776 1509 protectoribus
795 1409 863 1487 suis
879 1415 1028 1493 donum

140 1572 189 1626 cx
209 1549 392 1653 Hungaria
416 1541 553 1645 ciebitis
572 1543 652 1620 fuit.
720 1628 725 1637 ,

1044 1740 1246 1812 Ξ

217 1826 309 1904 XV.
335 1827 474 1901 interea
488 1823 713 1899 Mabometes
737 1820 938 1927 'furcarum
954 1826 1023 1905 im·
1042 1844 1116 1920 Qua
1149 1824 1256 1926 ongo*

139 1988 289 2067 perator
318 1968 450 2043 crebris
484 1960 627 2036 Tbirbiii
659 1962 823 2059 precibus
860 1969 1022 2061 excitus,
1043 1958 1161 2025 alterius
1176 1960 1240 2025 ber-

138 2124 461 2205 opportunamque
485 2102 579 2175 inter
615 2122 674 2175 eas
712 2096 908 2202 Hungariae
939 2124 1020 2203 per·
1043 2072 1066 2137 ¹¹
1089 2075 1236 2143 Turcicit

138 2242 363 2319 turbationes
400 2238 506 2313 rebus
542 2236 609 2312 suis
642 2239 913 2335 expeditionem
948 2242 1028 2323 fore

136 2376 375 2472 existimans,
413 2379 488 2451 An.
522 2374 839 2487 MDCLxxxiu.
868 2378 1025 2457 Karam-

135 2516 363 2617 Mustapham
393 2512 579 2589 Veziriuna
611 2534 695 2588 cum
734 2519 942 2611 trecentis,
982 2533 1026 2591 ut

133 2652 302 2737 nonnulii
331 2649 499 2745 volunt,
539 2666 760 2726 armatorum
800 2650 955 2729 millibus
985 2655 1023 2731 iu

133 2794 358 2899 Hungariam
384 2784 552 2889 proficisci
569 2778 680 2883 judic.
746 2785 945 2869 Cohorruit
978 2760 1023 2870 ad

132 2928 215 3010 belii
235 2929 411 3005 nuncium
435 2923 570 3022 faur,
601 2925 762 3025 nihilque
782 2925 925 3020 omisrt,
944 2950 1022 3027 quo

133 3066 330 3145 Tbkblium
356 3064 475 3142 oblata
492 3056 722 3139 iiberaiiffimc
741 3067 856 3167 gratia
890 3069 934 3141 ad
957 3070 1022 3143 ob·

130 3204 295 3304 sequium
322 3222 548 3294 revocaret,
584 3200 623 3275 de
652 3198 789 3283 Turcas
816 3206 860 3277 ad
896 3224 1020 3302 proro-

130 3344 265 3445 gandas
299 3340 458 3414 inducias
492 3341 729 3415 adduceret:
768 3364 806 3416 at
842 3338 1018 3418 incanum

128 3480 268 3555 omnia.
322 3474 368 3551 Et
387 3496 477 3550 vero
511 3480 752 3553 metuendum
783 3458 859 3554 erat
890 3476 1018 3555 Caesari

127 3610 287 3704 beilum,
313 3610 379 3709 qui
404 3611 442 3683 in
477 3608 680 3711 frattgcndis
705 3609 891 3711 superioris
913 3613 1020 3689 Hun-

426 3764 433 3775 ·
552 3746 642 3825 Ua
860 3752 966 3851 gariae

125 4120 271 4191 cibutum
284 4142 413 4187 annuunt
432 4119 581 4205 pendmt,
599 4112 650 4182 sed
679 4118 762 4200 quod
782 4120 844 4181 xt.
864 4137 1016 4184 aureorum

126 4238 224 4303 millia
246 4258 308 4305 non
327 4238 462 4303 excedat.
501 4241 546 4303 ira
559 4236 612 4301 iiie
625 4232 677 4317 spe
689 4233 871 4314 iiungniam
893 4254 1014 4299 omnem

124 4352 296 4433 devocatam
316 4371 349 4419 ιι
373 4354 455 4419 velut
484 4352 523 4421 de
541 4372 573 4420 te
600 4348 651 4417 sua
678 4345 786 4436 pacisci
814 4370 877 4417 non
913 4350 1015 4421 erube

122 4464 229 4535 iectu.
