2925 5117
134 186 1029 555 μ

479 700 778 779 Nova.
956 718 1034 809 10?

199 872 372 953 incendiis
399 874 571 953 divexare
594 876 704 975 cepit.
760 873 850 952 Vim
877 876 1004 981 injuste
1025 889 1084 963 ad·
1099 822 1296 986 ᾖ

193 1010 317 1091 versun
353 1013 579 1091 induciarum
610 1011 718 1093 ddetn
750 1012 884 1097 illttrm
909 1022 946 1097 vi
969 992 1085 1122 repul.
1101 1031 1262 1107 ulmus,

192 1146 294 1229 surus
317 1148 612 1249 Maximilianus,
638 1150 815 1233 Lazarum
839 1156 1083 1241 Schvendiurn

135 1313 138 1323 ·
190 1284 409 1368 Bulliducem
427 1286 521 1389 julio
541 1310 629 1369 cum
642 1295 805 1371 exercitu
835 1299 873 1373 in
898 1298 1015 1377 hostes
1032 1302 1083 1377 di-

188 1430 321 1509 mittit.
375 1430 480 1507 satit
511 1426 659 1508 lurtuna
689 1430 926 1533 Schuendio,
964 1440 1079 1516 brevi·

187 1590 264 1671 que
292 1588 454 1667 tempure
472 1562 716 1669 roratum,
747 1570 974 1651 Kdvarinum
988 1630 1002 1675 ,
1015 1578 1079 1655 Er·

186 1708 336 1787 dddiurn
350 1760 363 1806 ,
388 1706 625 1804 Batlruriunr,
656 1706 860 1813 pluresque
902 1708 983 1791 una
1010 1716 1077 1791 mi·
1149 1744 1152 1751 ·

184 1849 284 1925 norit
301 1846 428 1927 census
450 1867 551 1923 treta
574 1849 705 1947 partitn
727 1851 786 1943 vi,
813 1850 942 1949 partim
973 1853 1073 1929 dedi·

181 1984 288 2081 ¹rinue
310 1984 461 2083 accepit.
516 1984 746 2065 solimannus
760 1988 813 2065 lais
831 1991 1076 2093 cognitisMa·

183 2122 410 2201 ximilianunr
442 2124 614 2211 monuita
650 2144 845 2227 occupatae
870 2152 967 2207 arces
1004 2130 1076 2209 sine

183 2286 295 2343 mura
315 2258 518 2339 restitueret
531 2261 931 2366 JuanniTranfilvann,
959 2292 1000 2345 rc
1022 2270 1076 2345 in·

181 2398 292 2501 super
308 2402 487 2477 tributum
516 2426 538 2479 n
562 2422 684 2477 morte
721 2404 929 2479 Ferdinandi
955 2406 1074 2485 inter·
1228 2416 1231 2427 ·

179 2536 329 2617 milium
347 2537 533 2640 extemplo
564 2541 747 2638 penderet.
799 2538 975 2641 Reposuit
998 2536 1075 2615 Car·

180 2680 253 2761 sara
278 2702 479 2779 utrumque
496 2679 530 2753 se
563 2678 660 2752 haud
692 2698 839 2779 gravate
867 2676 1072 2777 sessurum,

181 2818 348 2899 unrudo
368 2820 560 2921 Juannes‚
588 2820 652 2915 qui
683 2818 779 2915 prior
809 2841 934 2918 pacem
957 2816 1072 2921 frege-
1203 2882 1206 2889 .

183 2980 267 3057 rat,
294 2954 408 3035 sadus
422 2960 460 3034 in
480 2954 610 3033 bellum
624 2956 765 3033 sumtus
794 2954 853 3031 fibi
893 2954 1072 3053 persolve·

182 3122 263 3189 retr
288 3098 418 3175 Turcae
442 3118 533 3171 veru
553 3116 596 3171 ea
607 3152 621 3191 ,
651 3117 734 3195 quae
760 3096 896 3169 interea
918 3092 955 3168 in
966 3092 1072 3169 Hun-

183 3243 278 3347 paria
296 3258 425 3317 contra
448 3233 500 3311 sus
530 3232 609 3349 locu¹
639 3238 881 3335 eripuerant,
910 3228 1069 3311 restitue·

185 3396 275 3459 rent.
327 3372 517 3453 Generosu
546 3397 591 3453 eo
614 3372 778 3473 responsu
801 3370 957 3449 offensus
979 3370 1068 3448 Soli·

185 3538 340 3597 mannus
352 3540 365 3604 ς
392 3512 491 3593 fimul
510 3534 554 3590 ut
569 3514 831 3615 ignominiam,
863 3502 974 3612 quam
998 3533 1067 3612 op·

187 3676 345 3763 pugnata
354 3651 531 3732 incassum
552 3652 664 3730 Insula
694 3650 867 3729 Melitenli
900 3648 959 3725 srbi
979 3674 1069 3724 con·

186 3794 323 3877 traxisse
351 3796 579 3889 videbatur,
628 3786 755 3893 insigni
790 3786 912 3889 aliquo
948 3810 1067 3889 opere

188 3936 300 4035 prurio
326 3930 494 4033 elueret,
534 3934 738 4033 supremam
769 3932 806 4008 in
844 3932 1068 4038 Hungarirm

188 4092 239 4155 ut
252 4071 329 4174 jam
350 4072 509 4149 cladibus
537 4072 784 4177 debilitatam,
811 4100 880 4155 nec
908 4075 987 4153 satis
1020 4074 1066 4154 ad

190 4208 425 4291 monem
460 4234 704 4311 comparatam
738 4222 816 4295 An.
850 4212 1065 4293 MDLXVI.

178 4388 181 4393 ·
893 4356 1014 4433 deart-

995 4552 1038 4655 &i
